@article{demo2025,
  title={示例参考文献：用于模板编译测试（LaTeX 代码版）},
  author={Someone, A.},
  journal={Demo Journal},
  year={2025}
}